@book{granville:numbertheory,
    author    = {Granville, Andrew},
    title     = {Number Theory Revealed: A Masterclass},
    publisher = {Amererican Mathematical Society},
    year      = {2019}
}

@manual{granville:homepage,
	author    = {Granville, Andrew},
	title     = {Granville homepage},
	year      = {-},
	url       = {https://dms.umontreal.ca/~andrew/}
}

@manual{pantieri:arsclassica,
	author    = {Pantieri, Lorenzo},
	title     = {The ArsClassica package},
	year      = {2017},
	url       = {https://ctan.mirror.garr.it/mirrors/ctan/macros/latex/contrib/arsclassica/ArsClassica.pdf}
}

@manual{pantieri:impaziente,
	author    = {Pantieri, Lorenzo},
	title     = {\LaTeX{} per l'impaziente},
	year      = {2017},
	url       = {http://www.lorenzopantieri.net/LaTeX_files/LaTeXimpaziente.pdf},
}